<?xml version="1.0" encoding="UTF-8"?><collection xmlns="http://www.loc.gov/MARC21/slim"><record><leader>00378nam--2200121-i-4500</leader><controlfield tag="001">000038666</controlfield><controlfield tag="002">20161230</controlfield><controlfield tag="005">20170115160937</controlfield><controlfield tag="008">060222s1000------------r-----000-0-eng-d</controlfield><datafield ind1=" " ind2=" " tag="245"><subfield code="a">Report on the activities of the Danish Atomic Energy Commission: from 1 April 1961 to 31 March 1962</subfield></datafield><datafield ind1=" " ind2=" " tag="260"><subfield code="a">Riso</subfield><subfield code="b">Danish Atomic Energy Commission</subfield></datafield><datafield ind1=" " ind2=" " tag="852"><subfield code="a">5565</subfield></datafield><datafield ind1=" " ind2=" " tag="CAT"><subfield code="a">SYS</subfield><subfield code="c">20170115</subfield><subfield code="h">160937</subfield></datafield></record></collection>